@inproceedings{1667607,
    title = {{Examining the compatibility of student pair programmers}},
    year = {2006},
    booktitle = {AGILE 2006 (AGILE'06)},
    author = {Williams, L and Layman, L and Osborne, J and Katira, N},
    pages = {10 pp.-420},
    doi = {10.1109/AGILE.2006.25},
    keywords = {computer science education;continuing education;ed}
}

@article{Janzen2008DoesQuality,
    title = {{Does Test-Driven Development Really Improve Software Design Quality?}},
    year = {2008},
    journal = {IEEE Software},
    author = {Janzen, David and Saiedian, Hossein},
    number = {2},
    pages = {77--84},
    volume = {25},
    doi = {10.1109/MS.2008.34},
    issn = {0740-7459},
    keywords = {Automatic testing, Open source software, Productivity, Programming profession, Propulsion, Software design, Software quality, Software testing, TDD, Writing, cohesion metrics, confounding factor, extreme programming, program testing, quality analysis, quality metrics, software architecture, software design, software design quality improvement, software metrics, software process improvement, software quality, test design, test-driven development}
}

@incollection{Madeyski2007OnTests,
    title = {{On the Effects of Pair Programming on Thoroughness and Fault-Finding Effectiveness of Unit Tests}},
    year = {2007},
    booktitle = {Product-Focused Software Process Improvement: 8th International Conference, PROFES 2007, Riga, Latvia, July 2-4, 2007. Proceedings},
    author = {Madeyski, Lech},
    editor = {M{\"{u}}nch, Jürgen and Abrahamsson, Pekka},
    pages = {207--221},
    volume = {4589},
    publisher = {Springer Berlin Heidelberg},
    url = {http://dx.doi.org/10.1007/978-3-540-73460-4_20},
    address = {Berlin, Heidelberg},
    isbn = {978-3-540-73460-4},
    doi = {10.1007/978-3-540-73460-4{\_}20},
    issn = {0302-9743}
}

@article{Wilkerson2012ComparingDevelopment,
    title = {{Comparing the Defect Reduction Benefits of Code Inspection and Test-Driven Development}},
    year = {2012},
    journal = {IEEE Transactions on Software Engineering},
    author = {Wilkerson, Jerod and Nunamaker, Jay and Mercer, Rick},
    number = {3},
    pages = {547--560},
    volume = {38},
    isbn = {978-1-4244-6773-0},
    doi = {10.1109/TSE.2011.46},
    issn = {0098-5589},
    keywords = {Agile programming, Inspection, Java, Programming profession, Software, Testing, Writing, code inspection, code inspections and walk throughs, de, defect reduction benefits, empirical study, empirical study., junior computer science students, program testing, programming assignment, quasi experiment, reliability, senior computer science students, software defect rates, software defect reduction, system recovery, test driven development, test-driven development, testing strategies}
}

@article{Madeyski2010TheExperiment,
    title = {{The impact of Test-First programming on branch coverage and mutation score indicator of unit tests: An experiment}},
    year = {2010},
    journal = {Information and Software Technology},
    author = {Madeyski, Lech},
    number = {2},
    pages = {169--184},
    volume = {52},
    url = {http://www.sciencedirect.com/science/article/pii/S0950584909001487},
    isbn = {09505849 (ISSN)},
    doi = {http://doi.org/10.1016/j.infsof.2009.08.007},
    issn = {0950-5849},
    keywords = {Empirical study, Test-First programming, Test-driven development, Unit tests}
}

@inproceedings{Sanchez2007OnIBM,
    title = {{On the Sustained Use of a Test-Driven Development Practice at IBM}},
    year = {2007},
    booktitle = {Agile 2007 (AGILE 2007)},
    author = {Sanchez, Julio Cesar and Williams, Laurie and Maximilien, E. Michael},
    month = {8},
    pages = {5--14},
    isbn = {0769528724},
    doi = {10.1109/AGILE.2007.43},
    keywords = {Automatic control, Automatic testing, Computer science, IBM, Java, Java-implemented product, Process design, Production, Productivity, Programming profession, Software testing, TDD, Writing, automated tests, code complexity, cyclomatic complexity metric, program testing, software engineering, test-driven development practice}
}

@inproceedings{Yahya2015TheDevelopment,
    title = {{The analysis of programming competency in test driven development}},
    year = {2015},
    booktitle = {2015 9th Malaysian Software Engineering Conference (MySEC)},
    author = {Yahya, Norzariyah and Bakar, Normi},
    pages = {290--295},
    isbn = {9781467382267},
    doi = {10.1109/MySEC.2015.7475235},
    keywords = {CBO, Complexity theory, Education, LCOM, LOC, Malaysian education domain, Production, Programming profession, Software, Testing, code complexity, coupling between object, education domain, lack of cohesion in methods, lines of code, program testing, programming competency, programming competency analysis, quality, software development practitioners, software prototyping, test driven development, test first, test first approach, test last}
}

@inproceedings{Vu2009EvaluatingProject,
    title = {{Evaluating Test-Driven Development in an Industry-Sponsored Capstone Project}},
    year = {2009},
    booktitle = {2009 Sixth International Conference on Information Technology: New Generations},
    author = {Vu, John Huan and Frojd, Niklas and Shenkel-Therolf, Clay and Janzen, David},
    month = {4},
    pages = {229--234},
    isbn = {9780769535968},
    doi = {10.1109/ITNG.2009.11},
    keywords = {Automatic testing, Capstone project, Computer industry, Information technology, Production, Programming profession, Software design, Software engineering, Software maintenance, Software quality, Software testing, Test- First methodology, Test-Driven Development (TDD), Test-Last methodology, Test-driven development (TDD), Test-first methodology, Test-last methodology, agile development process, capstone project, computer science education, industry-sponsored capstone project, production code, program testing, softwar, software engineering, software engineering capstone course, team motivation, test-driven development, test-first methodology, test-last methodology, undergraduate students}
}

@inproceedings{Kollanus2010Test-DrivenApproach,
    title = {{Test-Driven Development - Still a Promising Approach?}},
    year = {2010},
    booktitle = {2010 Seventh International Conference on the Quality of Information and Communications Technology},
    author = {Kollanus, Sami},
    month = {9},
    pages = {403--408},
    isbn = {9780769542416},
    doi = {10.1109/QUATIC.2010.73},
    keywords = {Book reviews, Measurement, Productivity, Programming, Software engineering, Systematics, Testing, external code, external code quality, program testing, software development process, software engineering, test driven development}
}

@inproceedings{Parodi2016ComparingProgramming,
    title = {{Comparing technical debt in student exercises using test driven development, test last and ad hoc programming}},
    year = {2016},
    booktitle = {2016 XLII Latin American Computing Conference (CLEI)},
    author = {Parodi, Eugenia and Matalonga, Santiago and Macchi, Dario and Solari, Martín},
    pages = {1--10},
    isbn = {978-1-5090-1633-4},
    doi = {10.1109/CLEI.2016.7833380},
    keywords = {Encoding, FindBugs, Lest Last, Programming, Software, Sonar, Sonar measurements, TDD, Technical debt, Test First, Testing, Training, ad hoc programming, coding techniques, programming, software development metaphor, software engineering, source code, source code (software), static code analyzers, technical debt stemming, test driven development, test last, trade-off decisions, undergraduate students}
}

@article{Erdogmus2005OnProgramming,
    title = {{On the effectiveness of the test-first approach to programming}},
    year = {2005},
    journal = {IEEE Transactions on Software Engineering},
    author = {Erdogmus, Hakan and Morisio, Maurizio and Torchiano, Marco},
    number = {3},
    pages = {226--237},
    volume = {31},
    isbn = {00985589 (ISSN)},
    doi = {10.1109/TSE.2005.37},
    issn = {0098-5589},
    keywords = {Coding tools and techniques, Computer Society, Debugging, Feedback, Functional programming, General programming techniques, Index Terms- General programming techniques, Productivity, Programming paradigms, Programming profession, Quality assurance, Software Quality/SQA, Software engineering process, Software quality, Software testing, Testing and debugging, Testing strategies, Writing, coding tools and techniques, formal verification, general programming technique, productivity, program debugging, program testing, programming paradigms., software engineering process, software quality, test-driven development, testing and debugging, testing strategies}
}

@inproceedings{Janzen2006OnDesign,
    title = {{On the Influence of Test-Driven Development on Software Design}},
    year = {2006},
    booktitle = {19th Conference on Software Engineering Education Training (CSEET'06)},
    author = {Janzen, David and Saiedian, Hossein},
    month = {4},
    pages = {141--148},
    url = {http://ieeexplore.ieee.org/xpls/abs_all.jsp?arnumber=1617340%5Cnhttp://ieeexplore.ieee.org/lpdocs/epic03/wrapper.htm?arnumber=1617340},
    isbn = {0-7695-2557-1},
    doi = {10.1109/CSEET.2006.25},
    issn = {1093-0175},
    keywords = {Automatic testing, Iterative methods, Linear programming, Productivity, Programming profession, Software design, Software engineering, Software testing, System testing, Writing, agile software development, computer science education, educational courses, internal software design quality, iterative development approach, iterative test-first approach, iterative test-last approach, linear test-last approach, object decomposition, object-oriented programming, program testing, programmer discipline, programmer motivation, programming project, software architecture, software engineering course, software quality, teaching, test-driven development, undergraduate students}
}

@article{Muller2007TheProcess,
    title = {{The effect of experience on the test-driven development process}},
    year = {2007},
    journal = {Empirical Software Engineering},
    author = {M{\"{u}}ller, Matthias and H{\"{o}}fer, Andreas},
    number = {6},
    pages = {593--615},
    volume = {12},
    url = {http://dx.doi.org/10.1007/s10664-007-9048-2},
    isbn = {13823256 (ISSN)},
    doi = {10.1007/s10664-007-9048-2},
    issn = {1573-7616},
    keywords = {Experts, Novices, Process, Quasi-experiment, Test-driven development}
}

@article{Ghorashi2016SupportingCoding,
    title = {{Supporting Learners in Online Courses Through Pair Programming and Live Coding}},
    year = {2016},
    journal = {2016 IEEE 40th Annual Computer Software and Applications Conference (COMPSAC)},
    author = {Ghorashi, S and Jensen, C},
    number = {May 2017},
    pages = {738--747},
    volume = {1},
    isbn = {978-1-4673-8845-0},
    doi = {10.1109/COMPSAC.2016.200},
    keywords = {Conferences;Encoding;Programming profession;Semina}
}

@incollection{Doyle2014AgilePractice,
    title = {{Agile Software Development in Practice}},
    year = {2014},
    booktitle = {Agile Processes in Software Engineering and Extreme Programming: 15th International Conference, XP 2014, Rome, Italy, May 26-30, 2014. Proceedings},
    author = {Doyle, Maureen and Williams, Laurie and Cohn, Mike and Rubin, Kenneth S KS},
    editor = {Cantone, Giovanni and Marchesi, Michele},
    pages = {32--45},
    publisher = {Springer International Publishing},
    url = {http://dx.doi.org/10.1007/978-3-319-06862-6_3},
    address = {Cham},
    isbn = {978-3-319-06862-6},
    doi = {10.1007/978-3-319-06862-6{\_}3},
    keywords = {agile software development, comparative agility assessment}
}

@article{Sfetsos2006InvestigatingStudy,
    title = {{Investigating the extreme programming system - An empirical study}},
    year = {2006},
    journal = {Empirical Software Engineering},
    author = {Sfetsos, Panagiotis and Angelis, Lefteris and Stamelos, Ioannis},
    number = {2},
    pages = {269--301},
    volume = {11},
    url = {http://dx.doi.org/10.1007/s10664-006-6404-6},
    isbn = {1382-3256},
    doi = {10.1007/s10664-006-6404-6},
    issn = {1573-7616},
    keywords = {Agile methods, Cause-effect model, Developer perception, Empirical study, Extreme programming system, Feedback model, Manager perception, Pair programming, Planning game, Refactoring, Simple design, Stepwise discriminant analysis, Test-driven development}
}

@article{Cockburn2003PeopleDevelopment,
    title = {{People and methodologies in software development}},
    year = {2003},
    journal = {Faculty of Mathematics and Natural Sciences},
    author = {Cockburn, Alistair},
    pages = {1--89}
}

@article{Dyba2008EmpiricalReview,
    title = {{Empirical studies of agile software development: A systematic review}},
    year = {2008},
    journal = {Information and Software Technology},
    author = {Dyb{\aa}, Tore and Dings{\o}yr, Torgeir},
    number = {9–10},
    pages = {833--859},
    volume = {50},
    url = {http://www.sciencedirect.com/science/article/pii/S0950584908000256},
    isbn = {9783642125744},
    doi = {http://doi.org/10.1016/j.infsof.2008.01.006},
    issn = {0950-5849},
    pmid = {22207224},
    keywords = {Agile software development, Empirical software engineering, Evidence-based software engineering, Extreme programming, Research synthesis, Scrum, Systematic review, XP}
}

@inproceedings{Rendell2008EffectiveDevelopment,
    title = {{Effective and Pragmatic Test Driven Development}},
    year = {2008},
    booktitle = {Agile 2008 Conference},
    author = {Rendell, Andrew},
    month = {8},
    pages = {298--303},
    isbn = {9780769533216},
    doi = {10.1109/Agile.2008.45},
    keywords = {Customer service, Impedance, Internet, Portals, Programming, Risk management, Scalability, Stability, Telephony, Testing, agile, agile toolbox, computational linguistics, post-TDD approach, pragmatic, pragmatic test driven development, program testing, project delivery, software, software engineering, t-mobile, tdd, valtech experience}
}

@incollection{Holcombe2008SevenImprovement,
    title = {{Seven Years of XP - 50 Customers, 100 Projects and 500 Programmers -- Lessons Learnt and Ideas for Improvement}},
    year = {2008},
    booktitle = {Agile Processes in Software Engineering and Extreme Programming: 9th International Conference, XP 2008, Limerick, Ireland, June 10-14, 2008. Proceedings},
    author = {Holcombe, Mike and Thomson, Chris},
    editor = {Abrahamsson, Pekka and Baskerville, Richard and Conboy, Kieran and Fitzgerald, Brian and Morgan, Lorraine and Wang, Xiaofeng},
    pages = {104--113},
    volume = {9 LNBIP},
    publisher = {Springer Berlin Heidelberg},
    url = {http://dx.doi.org/10.1007/978-3-540-68255-4_11},
    address = {Berlin, Heidelberg},
    isbn = {978-3-540-68255-4},
    doi = {10.1007/978-3-540-68255-4{\_}11},
    issn = {18651348},
    keywords = {Empirical software engineering, Human factors, Methodological compliance, XP}
}

@incollection{Canfora2006ProductivityProfessionals,
    title = {{Productivity of Test Driven Development: A Controlled Experiment with Professionals}},
    year = {2006},
    booktitle = {Product-Focused Software Process Improvement: 7th International Conference, PROFES 2006, Amsterdam, The Netherlands, June 12-14, 2006. Proceedings},
    author = {Canfora, Gerardo and Cimitile, Aniello and Garcia, Felix and Piattini, Mario and Visaggio, Corrado Aaron},
    editor = {M{\"{u}}nch, Jürgen and Vierimaa, Matias},
    pages = {383--388},
    volume = {2006},
    publisher = {Springer Berlin Heidelberg},
    url = {http://dx.doi.org/10.1007/11767718_32 http://portal.acm.org/citation.cfm?id=1159788%5Cnhttp://www.scopus.com/scopus/inward/record.url?eid=2-s2.0-33746238094&#38;partnerID=40%5Cnhttp://www.scopus.com/inward/record.url?eid=2-s2.0-33746238094&partnerID=40&md},
    address = {Berlin, Heidelberg},
    isbn = {978-3-540-34683-8},
    doi = {10.1007/11767718{\_}32},
    issn = {03029743},
    keywords = {file-import-09-01-23}
}

@incollection{Hofer2009AnProgrammers,
    title = {{An Empirical Study on the TDD Conformance of Novice and Expert Pair Programmers}},
    year = {2009},
    booktitle = {Agile Processes in Software Engineering and Extreme Programming: 10th International Conference, XP 2009, Pula, Sardinia, Italy, May 25-29, 2009. Proceedings},
    author = {H{\"{o}}fer, Andreas and Philipp, Marc},
    editor = {Abrahamsson, Pekka and Marchesi, Michele and Maurer, Frank},
    pages = {33--42},
    volume = {31 LNBIP},
    publisher = {Springer Berlin Heidelberg},
    url = {http://dx.doi.org/10.1007/978-3-642-01853-4_6},
    address = {Berlin, Heidelberg},
    isbn = {978-3-642-01853-4},
    doi = {10.1007/978-3-642-01853-4{\_}6},
    issn = {18651348},
    keywords = {Test-driven development, experts and novices, pair programming, quasi-experiment}
}

@inproceedings{Xu2007ProgrammersDevelopment,
    title = {{Programmer's Expertise during Test-Driven Software Development}},
    year = {2007},
    booktitle = {6th IEEE International Conference on Cognitive Informatics},
    author = {Xu, Shaochun and Cui, Zendi and Liu, Dapeng and Chen, Xuhui},
    month = {8},
    pages = {456--461},
    isbn = {1424413273},
    doi = {10.1109/COGINF.2007.4341924},
    keywords = {Bloom taxonomy, Cognition, Cognitive activities, Cognitive informatics, Computer science, Data analysis, Educational institutions, Intermediate and expert programmers, Performance analysis, Performance evaluation, Programming profession, Software testing, Taxonomy, Test-driven software development, design decision generation, hypotheses generation, intermediate and expert programmers, program debugging, program testing, programmer expertise, software enginee, software engineering, test case generation, test-driven software development}
}

@inproceedings{Xu2006EmpiricalDevelopment,
    title = {{Empirical Validation of Test-Driven Pair Programming in Game Development}},
    year = {2006},
    booktitle = {5th IEEE/ACIS International Conference on Computer and Information Science and 1st IEEE/ACIS International Workshop on Component-Based Software Engineering,Software Architecture and Reuse (ICIS-COMSAR'06)},
    author = {Xu, Shaochun and Rajlich, Vaclav},
    pages = {500--505},
    isbn = {0769526136},
    doi = {10.1109/ICIS-COMSAR.2006.34},
    keywords = {Application software, Automatic testing, Computer science, Educational institutions, Failure analysis, Information science, Programming profession, System testing, Toy industry, Writing, computer games, extreme programming, game development, program validation, program verification, programming, refactoring technique, test-driven pair programming, waterfall-like approach}
}

@article{Munir2014ConsideringReview,
    title = {{Considering rigor and relevance when evaluating test driven development: A systematic review}},
    year = {2014},
    journal = {Information and Software Technology},
    author = {Munir, Hussan and Moayyed, Misagh and Petersen, Kai},
    number = {4},
    pages = {375--394},
    volume = {56},
    publisher = {Elsevier B.V.},
    url = {http://dx.doi.org/10.1016/j.infsof.2014.01.002},
    doi = {http://doi.org/10.1016/j.infsof.2014.01.002},
    issn = {0950-5849},
    keywords = {External code quality, Internal code quality, Productivity, Test-driven development (TDD), Test-last development (TLD)}
}

@article{Dogsa2011TheStudy,
    title = {{The effectiveness of test-driven development: an industrial case study}},
    year = {2011},
    journal = {Software Quality Journal},
    author = {Dog{\v{s}}a, Tomaž and Bati{\v{c}}, David},
    number = {4},
    pages = {643--661},
    volume = {19},
    url = {http://dx.doi.org/10.1007/s11219-011-9130-2},
    isbn = {0963-9314{\textbackslash}n1573-1367},
    doi = {10.1007/s11219-011-9130-2},
    issn = {1573-1367},
    keywords = {Maintainability, Productivity, Software engineering process, Software quality/SQA, Test-driven development, Testing and debugging, Testing strategies}
}

@incollection{Makinen2014EffectsStudies,
    title = {{Effects of Test-Driven Development: A Comparative Analysis of Empirical Studies}},
    year = {2014},
    booktitle = {Software Quality. Model-Based Approaches for Advanced Software and Systems Engineering: 6th International Conference, SWQD 2014, Vienna, Austria, January 14-16, 2014. Proceedings},
    author = {M{\"{a}}kinen, Simo and M{\"{u}}nch, Jürgen},
    editor = {Winkler, Dietmar and Biffl, Stefan and Bergsmann, Johannes},
    pages = {155--169},
    publisher = {Springer International Publishing},
    url = {http://dx.doi.org/10.1007/978-3-319-03602-1_10},
    address = {Cham},
    isbn = {978-3-319-03602-1},
    doi = {10.1007/978-3-319-03602-1{\_}10},
    issn = {1865-1348},
    keywords = {empirical study, software, software engineering, software verification, test-driven development, test-first programming, testing}
}

@incollection{Muller2006TheCode,
    title = {{The Effect of Test-Driven Development on Program Code}},
    year = {2006},
    booktitle = {Extreme Programming and Agile Processes in Software Engineering: 7th International Conference, XP 2006, Oulu, Finland, June 17-22, 2006. Proceedings},
    author = {M{\"{u}}ller, Matthias},
    editor = {Abrahamsson, Pekka and Marchesi, Michele and Succi, Giancarlo},
    pages = {94--103},
    volume = {4044},
    publisher = {Springer Berlin Heidelberg},
    url = {http://dx.doi.org/10.1007/11774129_10 http://link.springer.com.eaccess.ub.tum.de/chapter/10.1007/11774129_10},
    address = {Berlin, Heidelberg},
    isbn = {978-3-540-35095-8},
    doi = {10.1007/11774129{\_}10},
    issn = {0302-9743}
}

@article{Fucci2015TowardsStudy,
    title = {{Towards an operationalization of test-driven development skills: An industrial empirical study}},
    year = {2015},
    journal = {Information and Software Technology},
    author = {Fucci, Davide and Turhan, Burak and Juristo, Natalia and Dieste, Oscar and Tosun-Misirli, Ayse and Oivo, Markku},
    pages = {82--97},
    volume = {68},
    publisher = {Elsevier Ltd.},
    url = {http://www.sciencedirect.com/science/article/pii/S0950584915001469 http://dx.doi.org/10.1016/j.infsof.2015.08.004},
    doi = {http://doi.org/10.1016/j.infsof.2015.08.004},
    issn = {0950-5849},
    keywords = {Developers’ productivity, Process conformance, Software quality, Test-driven development}
}

@article{Martin2007ProfessionalismDevelopment,
    title = {{Professionalism and Test-Driven Development}},
    year = {2007},
    journal = {IEEE Software},
    author = {Martin, Robert},
    number = {3},
    pages = {32--36},
    volume = {24},
    isbn = {0321146530},
    doi = {10.1109/MS.2007.85},
    issn = {0740-7459},
    keywords = {Agile, Code standards, Decoupling, Design, Diseases, Extreme programming, FitNesse, Impedance, Marine vehicles, Object-oriented design, Pregnancy, Professionalism, Programming profession, Software standards, Software testing, Standards development, Test-driven design, Testing, Writing, agile, decoupling, design, extreme programming, object-oriented design, professional software developers, professionalism, program debugging, program documentation, program testing, software enginee, software engineering, system documentation, test-driven design, test-driven development, testing}
}

@inproceedings{Aniche2010MostDevelopers,
    title = {{Most Common Mistakes in Test-Driven Development Practice: Results from an Online Survey with Developers}},
    year = {2010},
    booktitle = {2010 Third International Conference on Software Testing, Verification, and Validation Workshops},
    author = {Aniche, Mauricio Finavaro and Gerosa, Marco Aurélio},
    month = {4},
    pages = {469--478},
    isbn = {VO -},
    doi = {10.1109/ICSTW.2010.16},
    keywords = {Aggregates, Computer science, Debugging, Industrial control, Productivity, Programming profession, Software design, Software quality, Software testing, Watches, agile practice, code defect, common mistakes, complex test scenario, program testing, refactoring step, software development practice, software maintenance, software quality, software reliability, tdd, test-driven development}
}

@incollection{Causevic2013EffectsExperiment,
    title = {{Effects of Negative Testing on TDD: An Industrial Experiment}},
    year = {2013},
    booktitle = {Agile Processes in Software Engineering and Extreme Programming: 14th International Conference, XP 2013, Vienna, Austria, June 3-7, 2013. Proceedings},
    author = {Causevic, Adnan and Shukla, Rakesh and Punnekkat, Sasikumar and Sundmark, Daniel},
    editor = {Baumeister, Hubert and Weber, Barbara},
    pages = {91--105},
    publisher = {Springer Berlin Heidelberg},
    url = {http://dx.doi.org/10.1007/978-3-642-38314-4_7},
    address = {Berlin, Heidelberg},
    isbn = {978-3-642-38314-4},
    doi = {10.1007/978-3-642-38314-4{\_}7},
    keywords = {industrial experiment, quality, test-driven development}
}

@article{Tosun2016AnProductivity,
    title = {{An industry experiment on the effects of test-driven development on external quality and productivity}},
    year = {2016},
    journal = {Empirical Software Engineering},
    author = {Tosun, Ayse and Dieste, Oscar and Fucci, Davide and Vegas, Sira and Turhan, Burak and Erdogmus, Hakan and Santos, Adrian and Oivo, Markku and Toro, Kimmo and Jarvinen, Janne and Juristo, Natalia},
    pages = {1--43},
    publisher = {Empirical Software Engineering},
    url = {http://dx.doi.org/10.1007/s10664-016-9490-0 http://link.springer.com/10.1007/s10664-016-9490-0},
    doi = {10.1007/s10664-016-9490-0},
    issn = {1573-7616},
    keywords = {Extern, Industry experiment, Test-driven development}
}

@inproceedings{Causevic2012TestExperiment,
    title = {{Test case quality in test driven development: A study design and a pilot experiment}},
    year = {2012},
    booktitle = {16th International Conference on Evaluation Assessment in Software Engineering (EASE 2012)},
    author = {Causevic, Adnan and Sundmark, Daniel and Punnekkat, Sasikumar},
    pages = {223--227},
    publisher = {IET},
    url = {http://digital-library.theiet.org/content/conferences/10.1049/ic.2012.0029},
    isbn = {978-1-84919-541-6},
    doi = {10.1049/ic.2012.0029},
    keywords = {code coverage, code quality measurement, code refactoring, controlled experiment, failing assertion, master level course, mutation score, pilot experiment, program testing, program verification, software development, software maintenance, software quality, software testing, software validation, software verification, source code, source coding, statistical analysis, test case efficiency, test case quality, test driven development, test first approach, test last approach, test last development}
}

@article{Nagappan2008RealizingTeams,
    title = {{Realizing quality improvement through test driven development: Results and experiences of four industrial teams}},
    year = {2008},
    journal = {Empirical Software Engineering},
    author = {Nagappan, Nachiappan and Maximilien, E. Michael and Bhat, Thirumalesh and Williams, Laurie},
    number = {3},
    pages = {289--302},
    volume = {13},
    url = {http://dx.doi.org/10.1007/s10664-008-9062-z},
    isbn = {13823256 (ISSN)},
    doi = {10.1007/s10664-008-9062-z},
    issn = {1573-7616},
    keywords = {Defects/faults, Development time, Empirical study, Test driven development}
}

@article{Fucci2016ATest-Last,
    title = {{A Dissection of Test-Driven Development: Does It Really Matter to Test-First or to Test-Last?}},
    year = {2016},
    journal = {IEEE Transactions on Software Engineering},
    author = {Fucci, Davide and Erdogmus, Hakan and Turhan, Burak and Oivo, Markku and Juristo, Natalia},
    number = {99},
    pages = {1 - 21},
    volume = {PP},
    doi = {10.1109/TSE.2016.2616877},
    issn = {0098-5589},
    arxivId = {1611.05994},
    keywords = {Companies, Conferences, Context, Productivity, Sequent, Sequential analysis, Test-driven development, Testing, empirical investigation, external quality, process dimensions, productivity, productivity. 3}
}

@inproceedings{Fucci2013ADevelopment,
    title = {{A Replicated Experiment on the Effectiveness of Test-First Development}},
    year = {2013},
    booktitle = {2013 ACM / IEEE International Symposium on Empirical Software Engineering and Measurement},
    author = {Fucci, Davide and Turhan, Burak},
    number = {February 2011},
    pages = {103--112},
    isbn = {978-0-7695-5056-5},
    doi = {10.1109/ESEM.2013.15},
    issn = {1949-3770},
    keywords = {Context, Correlation, Mann-Whitney test, Mann-Whitney tests, Measurement, Productivity, Programming, Software, TF development, control group, correlation study, developer productivity, development practice, experiment replication, production code, productivity, program testing, replicated experiment, software product quality, software quality, test-driven development, test-first development, test-last approach}
}

@article{Shull2010WhatDevelopment,
    title = {{What Do We Know about Test-Driven Development?}},
    year = {2010},
    journal = {IEEE Software},
    author = {Shull, Forrest and Melnik, Grigori and Turhan, Burak and Layman, Lucas and Diep, Madeline and Erdogmus, Hakan},
    number = {6},
    month = {11},
    pages = {16--19},
    volume = {27},
    isbn = {0740-7459 VO - 27},
    doi = {10.1109/MS.2010.152},
    issn = {0740-7459},
    keywords = {Software engineering, Testing, code development, code quality, code refactoring, program testing, software development, software engineering, software maintenance, software quality, test driven development}
}

@techreport{Siniaalto2006TestEvidence,
    title = {{Test driven development: empirical body of evidence}},
    year = {2006},
    author = {Siniaalto, Maria},
    pages = {15+},
    volume = {D.2.7},
    publisher = {Information Technology for European Advancement},
    url = {http://www.citeulike.org/group/8263/article/3934795}
}

@incollection{Xu2009EvaluationStudy,
    title = {{Evaluation of Test-Driven Development: An Academic Case Study}},
    year = {2009},
    booktitle = {Software Engineering Research, Management and Applications 2009},
    author = {Xu, Shaochun and Li, Tong},
    editor = {Lee, Roger and Ishii, Naohiro},
    pages = {229--238},
    volume = {253},
    publisher = {Springer Berlin Heidelberg},
    url = {http://dx.doi.org/10.1007/978-3-642-05441-9_20},
    address = {Berlin, Heidelberg},
    isbn = {978-3-642-05441-9},
    doi = {10.1007/978-3-642-05441-9{\_}20},
    keywords = {Evaluation, Experiment, Test-Driven, Test-Last}
}

@article{Bissi2016TheReview,
    title = {{The effects of test driven development on internal quality, external quality and productivity: A systematic review}},
    year = {2016},
    journal = {Information and Software Technology},
    author = {Bissi, Wilson and Serra Seca Neto, Adolfo Gustavo and Emer, Maria Claudia Figueiredo Pereira},
    pages = {45--54},
    volume = {74},
    publisher = {Elsevier B.V.},
    url = {http://dx.doi.org/10.1016/j.infsof.2016.02.004},
    isbn = {4499131197},
    doi = {10.1016/j.infsof.2016.02.004},
    issn = {09505849},
    keywords = {External quality, Internal quality, Productivity, Systematic review, Test-driven development}
}

@article{Janzen2005Test-drivenDirection,
    title = {{Test-driven development concepts, taxonomy, and future direction}},
    year = {2005},
    journal = {Computer},
    author = {Janzen, David and Saiedian, Hossein},
    number = {9},
    month = {9},
    pages = {43--50},
    volume = {38},
    isbn = {00189162 (ISSN)},
    doi = {10.1109/MC.2005.314},
    issn = {0018-9162},
    keywords = {Automatic programming, Automatic testing, Books, Computer science, Production, Programming profession, Software engineering, Software testing, Taxonomy, Writing, automated test software, extreme programming, iterative software development, program testing, software development, software development management, software development strategy, software iteration, software prototyping, test-driven development}
}

@article{Romano2017FindingsDevelopment,
    title = {{Findings from a multi-method study on test-driven development}},
    year = {2017},
    journal = {Information and Software Technology},
    author = {Romano, Simone and Fucci, Davide and Scanniello, Giuseppe and Turhan, Burak and Juristo, Natalia},
    pages = {1--14},
    volume = {0},
    publisher = {Elsevier B.V.},
    url = {http://www.sciencedirect.com/science/article/pii/S0950584917302550 http://linkinghub.elsevier.com/retrieve/pii/S0950584917302550},
    doi = {http://doi.org/10.1016/j.infsof.2017.03.010},
    issn = {0950-5849},
    keywords = {Ethnographically-informed study, Qualitative study, Test driven development}
}

@inproceedings{Causevic2012QualityDevelopment,
    title = {{Quality of Testing in Test Driven Development}},
    year = {2012},
    booktitle = {2012 Eighth International Conference on the Quality of Information and Communications Technology},
    author = {{\v{C}}au{\v{s}}evi{\'{c}}, Adnan and Punnekkat, Sasikumar and Sundmark, Daniel},
    number = {i},
    month = {9},
    pages = {266--271},
    url = {http://ieeexplore.ieee.org/lpdocs/epic03/wrapper.htm?arnumber=6511824},
    isbn = {978-1-4673-2345-1},
    doi = {10.1109/QUATIC.2012.49},
    keywords = {agile methods, experiment, extreme programming approach, negative test case, program testing, quality improvement evaluation, software prototyping, software quality, software testing, test case quality, test driven development, test-first approach, test-last approach, testing quality}
}

@incollection{Marchenko2009Long-TermStudy,
    title = {{Long-Term Effects of Test-Driven Development A Case Study}},
    year = {2009},
    booktitle = {Agile Processes in Software Engineering and Extreme Programming: 10th International Conference, XP 2009, Pula, Sardinia, Italy, May 25-29, 2009. Proceedings},
    author = {Marchenko, Artem and Abrahamsson, Pekka and Ihme, Tuomas},
    editor = {Abrahamsson, Pekka and Marchesi, Michele and Maurer, Frank},
    pages = {13--22},
    publisher = {Springer Berlin Heidelberg},
    url = {http://dx.doi.org/10.1007/978-3-642-01853-4_4},
    address = {Berlin, Heidelberg},
    isbn = {978-3-642-01853-4},
    doi = {10.1007/978-3-642-01853-4{\_}4},
    keywords = {agile, case study, long-term, test-driven development}
}

@incollection{Siniaalto2008DoesStudy,
    title = {{Does Test-Driven Development Improve the Program Code? Alarming Results from a Comparative Case Study}},
    year = {2008},
    booktitle = {Balancing Agility and Formalism in Software Engineering: Second IFIP TC 2 Central and East European Conference on Software Engineering Techniques, CEE-SET 2007, Poznan, Poland, October 10-12, 2007, Revised Selected Papers},
    author = {Siniaalto, Maria and Abrahamsson, Pekka},
    editor = {Meyer, Bertrand and Nawrocki, Jerzy R and Walter, Bartosz},
    pages = {143--156},
    volume = {5082 LNCS},
    publisher = {Springer Berlin Heidelberg},
    url = {http://dx.doi.org/10.1007/978-3-540-85279-7_12},
    address = {Berlin, Heidelberg},
    isbn = {978-3-540-85279-7},
    doi = {10.1007/978-3-540-85279-7{\_}12},
    issn = {03029743},
    keywords = {Agile software development, Software quality, Test-driven development, Test-first development, Test-first programming}
}

@inproceedings{George2003AnIndustry,
    title = {{An Initial Investigation of Test Driven Development in Industry}},
    year = {2003},
    booktitle = {Proceedings of the 2003 ACM Symposium on Applied Computing},
    author = {George, Boby and Williams, Laurie},
    pages = {1135--1139},
    series = {SAC '03},
    publisher = {ACM},
    url = {http://doi.acm.org/10.1145/952532.952753},
    address = {New York, NY, USA},
    isbn = {1-58113-624-2},
    doi = {10.1145/952532.952753},
    keywords = {agile methodologies, extreme programming, software engineering, software experimentation, test driven development}
}

@inproceedings{Siniaalto2007ACoverage,
    title = {{A Comparative Case Study on the Impact of Test-Driven Development on Program Design and Test Coverage}},
    year = {2007},
    booktitle = {First International Symposium on Empirical Software Engineering and Measurement (ESEM 2007)},
    author = {Siniaalto, Maria and Abrahamsson, Pekka},
    month = {9},
    pages = {275--284},
    url = {http://www.scopus.com/inward/record.url?eid=2-s2.0-47949108130&partnerID=tZOtx3y1},
    isbn = {0-7695-2886-4},
    doi = {10.1109/ESEM.2007.35},
    issn = {1949-3770},
    keywords = {Application software, Functional programming, NASA, Scattering, Security, Software design, Software engineering, Software measurement, Software testing, System testing, object-oriented metrics, object-oriented programming, program design, program test coverage, program testing, softwa, software design, software development project, software maintainability, software maintenance, software metrics, source code, test-driven development}
}

@article{Rafique2013TheMeta-Analysis,
    title = {{The Effects of Test-Driven Development on External Quality and Productivity: A Meta-Analysis}},
    year = {2013},
    journal = {IEEE Transactions on Software Engineering},
    author = {Rafique, Yahya and Mǐs{\'{i}}c, Vojislav},
    number = {6},
    pages = {835--856},
    volume = {39},
    isbn = {2011050146},
    doi = {10.1109/TSE.2012.28},
    issn = {0098-5589},
    keywords = {Computational modeling, Process control, Productivity, Programming, Size measurement, TDD, Test-driven development, Testing, agile software development, code productivity, code quality, meta-analysis, program testing, programmer productivity, quality improvement, software development management, software quality, subgroup analysis, systematic meta analysis, test driven development}
}

@article{Nanthaamornphong2015Test-DrivenSurvey,
    title = {{Test-Driven Development in scientific software: a survey}},
    year = {2015},
    journal = {Software Quality Journal},
    author = {Nanthaamornphong, Aziz and Carver, Jeffrey},
    pages = {1--30},
    publisher = {Springer US},
    url = {http://dx.doi.org/10.1007/s11219-015-9292-4},
    doi = {10.1007/s11219-015-9292-4},
    issn = {1573-1367},
    keywords = {Software engineering, Survey, Test-Driven Development}
}

@phdthesis{Hilton2009QuantitativelyProjects,
    title = {{Quantitatively Evaluating Test-Driven Development by Applying Object-Oriented Quality Metrics to Open Source Projects}},
    year = {2009},
    author = {Hilton, Rod},
    pages = {87},
    url = {http://www.rodhilton.com/files/tdd_thesis.pdf},
    school = {Regis University}
}

@article{Thomas2003CodeProgramming,
    title = {{Code Warriors and Code-a-Phobes: A Study in Attitude and Pair Programming}},
    year = {2003},
    journal = {ACM New York, NY, USA},
    author = {Thomas, Lynda and Ratcliffe, Mark and Robertson, Ann},
    pages = {363--367},
    volume = {35},
    keywords = {CS1, Closed Labs, First Year Programming, Self-confidence}
}

@misc{Muller2004AreProgramming,
    title = {{Are reviews an alternative to pair programming?}},
    year = {2004},
    booktitle = {Empirical Software Engineering},
    author = {M{\"{u}}ller, Matthias M.},
    doi = {10.1023/B:EMSE.0000039883.47173.39},
    issn = {13823256},
    keywords = {Controlled experiment, Pair programming, Reviews, Software process improvement}
}

@article{MannaroEmpiricalMethodologies,
    title = {{Empirical Analysis on the Satisfaction of IT Employees Comparing XP Practices with Other Software Development Methodologies}},
    author = {Mannaro, Katiuscia and Melis, Marco and Marchesi, Michele},
    url = {http://agile.diee.unica.it}
}

@article{HannayEffectsProgramming,
    title = {{Effects of Personality on Pair Programming}},
    author = {Hannay, Jo E and Arisholm, Erik and Engvik, Harald and Sj{\o}berg, Dag I K},
    keywords = {Big Five, Expertise, Index Terms— Pair programming, Performance, Personality, Task Complexity}
}

@inproceedings{Gallis2003AnProgramming,
    title = {{An initial framework for research on pair programming}},
    year = {2003},
    booktitle = {Proceedings - 2003 International Symposium on Empirical Software Engineering, ISESE 2003},
    author = {Gallis, H. and Arisholm, E. and Dyb{\aa}, T.},
    isbn = {0769520022},
    doi = {10.1109/ISESE.2003.1237972},
    issn = {00010782},
    keywords = {Collaborative software, Costs, Dynamic programming, Informatics, Knowledge transfer, Laboratories, Programming profession, Software engineering, Telecommunications, Time to market}
}

@inproceedings{Bevan2002GuidelinesClass,
    title = {{Guidelines for the Use of Pair Programming in a Freshman Programming Class}},
    year = {2002},
    booktitle = {Proceedings of the 15th Conference on Software Engineering Education and Training},
    author = {Bevan, Jennifer and Werner, Linda and Mcdowell, Charlie},
    pages = {100 - 103},
    publisher = {IEEE Computer Society},
    url = {http://dl.acm.org/citation.cfm?id=872751.873501},
    address = {Washington, DC, USA}
}

@article{McdowellThePersistence,
    title = {{The Impact of Pair Programming on Student Performance, Perception and Persistence}},
    author = {Mcdowell, Charlie and Werner, Linda and Bullock, Heather E and Fernald, Julian}
}

@article{GoosEditorialBoard,
    title = {{Editorial Board}},
    author = {Goos, Gerhard and Hartmanis, Juris and van Leeuwen, Jan and Hutchison, David and Kittler, Josef and Kleinberg, Jon M and Mattern ETH Zurich, Friedemann and John Mitchell, Switzerland C and Naor, Moni and Nierstrasz, Oscar and Pandu Rangan, C and Steffen, Bernhard and Sudan, Madhu and Terzopoulos, Demetri and Tygar, Doug and Vardi, Moshe Y and Weikum, Gerhard}
}

@incollection{Pantiuchina2017AreSurvey,
    title = {{Are Software Startups Applying Agile Practices? The State of the Practice from a Large Survey}},
    year = {2017},
    booktitle = {Agile Processes in Software Engineering and Extreme Programming: 18th International Conference, XP 2017, Cologne, Germany, May 22-26, 2017, Proceedings},
    author = {Pantiuchina, Jevgenija and Mondini, Marco and Khanna, Dron and Wang, Xiaofeng and Abrahamsson, Pekka},
    editor = {Baumeister, Hubert and Lichter, Horst and Riebisch, Matthias},
    pages = {167--183},
    volume = {77},
    publisher = {Springer International Publishing},
    url = {http://dx.doi.org/10.1007/978-3-319-57633-6_11 http://www.scopus.com/inward/record.url?eid=2-s2.0-79956296100&partnerID=tZOtx3y1},
    address = {Cham},
    isbn = {978-3-319-57633-6},
    doi = {10.1007/978-3-319-57633-6{\_}11},
    issn = {18651348},
    pmid = {4520227},
    arxivId = {9780201398298},
    keywords = {agile practice, mum viable product, pivot, quality vs speed, software startups}
}

@inproceedings{Fucci2016AnApproach,
    title = {{An External Replication on the Effects of Test-driven Development Using a Multi-site Blind Analysis Approach}},
    year = {2016},
    booktitle = {Proceedings of the 10th ACM/IEEE International Symposium on Empirical Software Engineering and Measurement},
    author = {Fucci, Davide and Scanniello, Giuseppe and Romano, Simone and Shepperd, Martin and Sigweni, Boyce and Uyaguari, Fernando and Turhan, Burak and Juristo, Natalia and Oivo, Markku},
    pages = {3:1--3:10},
    series = {ESEM '16},
    publisher = {ACM},
    url = {http://doi.acm.org/10.1145/2961111.2962592},
    address = {New York, NY, USA},
    isbn = {978-1-4503-4427-2},
    doi = {10.1145/2961111.2962592},
    keywords = {blind analysis, external experiment replication, test-driven development}
}

@article{Lui2006PairExpertexpert,
    title = {{Pair programming productivity: Novice–novice vs. expert–expert}},
    year = {2006},
    journal = {International Journal of Human-Computer Studies},
    author = {Lui, Kim Man and Chan, Keith},
    number = {9},
    pages = {915--925},
    volume = {64},
    url = {http://www.sciencedirect.com/science/article/pii/S1071581906000644},
    doi = {http://doi.org/10.1016/j.ijhcs.2006.04.010},
    keywords = {Pair programming, Programmer productivity, Programming model}
}

@inproceedings{Madeyski2005PreliminaryQuality,
    title = {{Preliminary Analysis of the Effects of Pair Programming and Test-Driven Development on the External Code Quality}},
    year = {2005},
    booktitle = {Proceedings of the 2005 Conference on Software Engineering: Evolution and Emerging Technologies},
    author = {Madeyski, Lech},
    pages = {113--123},
    publisher = {IOS Press},
    url = {http://dl.acm.org/citation.cfm?id=1565142.1565156},
    address = {Amsterdam, The Netherlands, The Netherlands},
    isbn = {1-58603-559-2}
}

@article{George2004ADevelopment,
    title = {{A structured experiment of test-driven development}},
    year = {2004},
    journal = {Information and Software Technology},
    author = {George, Boby and Williams, Laurie},
    number = {5},
    pages = {337--342},
    volume = {46},
    url = {http://www.sciencedirect.com/science/article/pii/S0950584903002040},
    doi = {http://doi.org/10.1016/j.infsof.2003.09.011},
    issn = {0950-5849},
    keywords = {Agile methodologies, Extreme programming, Software engineering, Test driven development}
}

@article{Schneider2005EXtremeUndergraduates,
    title = {{eXtreme Programming––helpful or harmful in educating undergraduates?}},
    year = {2005},
    journal = {Journal of Systems and Software},
    author = {Schneider, Jean-Guy and Johnston, Lorraine},
    number = {2},
    pages = {121--132},
    volume = {74},
    url = {http://www.sciencedirect.com/science/article/pii/S0164121203002929},
    doi = {http://doi.org/10.1016/j.jss.2003.09.025},
    issn = {0164-1212},
    keywords = {Agile methodologies, Software engineering education, Tertiary education, eXtreme programming}
}

@article{Hannay2009TheMeta-analysis,
    title = {{The effectiveness of pair programming: A meta-analysis}},
    year = {2009},
    journal = {Information and Software Technology},
    author = {Hannay, Jo E and Dyb{\aa}, Tore and Arisholm, Erik and Sj{\o}berg, Dag I K},
    number = {7},
    pages = {1110--1122},
    volume = {51},
    url = {http://www.sciencedirect.com/science/article/pii/S0950584909000123},
    doi = {http://doi.org/10.1016/j.infsof.2009.02.001},
    issn = {0950-5849},
    keywords = {Evidence-based software engineering, Fixed effects, Meta-analysis, Pair programming, Random effects, Systematic review}
}

@inproceedings{Williams2003BuildingExperiments,
    title = {{Building Pair Programming Knowledge Through a Family of Experiments}},
    year = {2003},
    booktitle = {Proceedings of the 2003 International Symposium on Empirical Software Engineering},
    author = {Williams, Laurie and McDowell, Charlie and Nagappan, Nachiappan and Fernald, Julian and Werner, Linda},
    pages = {143 - 153},
    series = {ISESE '03},
    publisher = {IEEE Computer Society},
    url = {http://dl.acm.org/citation.cfm?id=942801.943642},
    address = {Washington, DC, USA},
    isbn = {0-7695-2002-2}
}

@incollection{Kollanus2011CriticalDevelopment,
    title = {{Critical Issues on Test-Driven Development}},
    year = {2011},
    booktitle = {Product-Focused Software Process Improvement: 12th International Conference, PROFES 2011, Torre Canne, Italy, June 20-22, 2011. Proceedings},
    author = {Kollanus, Sami},
    editor = {Caivano, Danilo and Oivo, Markku and Baldassarre, Maria Teresa and Visaggio, Giuseppe},
    number = {4},
    pages = {322--336},
    volume = {44},
    publisher = {Springer Berlin Heidelberg},
    url = {http://dx.doi.org/10.1007/978-3-642-21843-9_25},
    address = {Berlin, Heidelberg},
    isbn = {978-3-642-21843-9},
    doi = {10.1007/978-3-642-21843-9{\_}25},
    issn = {0015-3990},
    pmid = {4520227},
    arxivId = {9780201398298},
    keywords = {Concrete research, Critical issues, Engineering co, Research, Software design, Software testing}
}

@inproceedings{Begel2008PairMe,
    title = {{Pair Programming: What's in It for Me?}},
    year = {2008},
    booktitle = {Proceedings of the Second ACM-IEEE International Symposium on Empirical Software Engineering and Measurement},
    author = {Begel, Andrew and Nagappan, Nachiappan},
    pages = {120--128},
    series = {ESEM '08},
    publisher = {ACM},
    url = {http://doi.acm.org/10.1145/1414004.1414026},
    address = {New York, NY, USA},
    isbn = {978-1-59593-971-5},
    doi = {10.1145/1414004.1414026},
    keywords = {developers, empirical studies, pair programming, survey experiments}
}

@incollection{Cockburn2001TheProgramming,
    title = {{The Costs and Benefits of Pair Programming}},
    year = {2001},
    booktitle = {Extreme Programming examined},
    author = {Cockburn, Alistair and Williams, Laurie},
    pages = {223--243},
    publisher = {Addison-Wesley Longman Publishing Co., Inc},
    address = {Boston},
    isbn = {0-201-71040-4}
}

@article{HulkkoAQuality,
    title = {{A Multiple Case Study on the Impact of Pair Programming on Product Quality}},
    author = {Hulkko, Hanna and Abrahamsson, Pekka},
    keywords = {Design, Empirical Software Engineering, Extreme Programming, General D28 [Software Engineering], Human Factors Keywords Agile Software Development, Metrics – Process metrics, Product metrics General Terms Measurement, Productivity, Software Quality}
}

@book{Beck2003TestExample,
    title = {{Test Driven Development: By Example}},
    year = {2003},
    booktitle = {AddisonWesley Professional},
    author = {Beck, Kent},
    publisher = {AddisonWesley Professional},
    isbn = {0321146530}
}

@book{Link2005SoftwaretestsEntwicklung,
    title = {{Softwaretests mit JUnit: Techniken der testgetriebenen Entwicklung}},
    year = {2005},
    author = {Link, Johannes},
    edition = {2. {\"{u}}berarb},
    publisher = {dpunkt. verlag}
}

@article{MorgadoPairProgramming,
    title = {{Pair Programming}},
    author = {Morgado, Inês Coimbra and Rocha, Luís Miguel},
    keywords = {Collaborative Programming, Index Terms—Agile Development Metholologies, Pair Pro-gramming, People Factors}
}

@article{Lin2012AnProgramming,
    title = {{An investigation into parent-child collaboration in learning computer programming}},
    year = {2012},
    journal = {Educational Technology and Society},
    author = {Lin, Janet Mei Chuen and Liu, Shu Fen},
    isbn = {14364522},
    doi = {10.1109/Agile.2008.12},
    issn = {11763647},
    keywords = {Computer programming, Logo, Pair programming, Parent-child collaboration}
}

@article{Maguire2014EnhancingBenefits,
    title = {{Enhancing Collaborative Learning Using Pair Programming: Who Benefits?}},
    year = {2014},
    author = {Maguire, Phil and Maguire, Rebecca and Hyland, Philip and Marshall, Patrick},
    number = {2},
    volume = {6},
    url = {http://ojs.aishe.org/index.php/aishe-j/article/view/141},
    keywords = {Collaborative learning, computer programming, computer science, data structures and algorithms, gender differences, group work, pair programming}
}

@article{Pancur2011ImpactExperiment,
    title = {{Impact of test-driven development on productivity, code and tests: A controlled experiment}},
    year = {2011},
    journal = {Information and Software Technology},
    author = {Pan{\v{c}}ur, Matjaž and Ciglari{\v{c}}, Mojca},
    number = {6},
    pages = {557--573},
    volume = {53},
    url = {http://www.sciencedirect.com/science/article/pii/S0950584911000346},
    doi = {https://doi.org/10.1016/j.infsof.2011.02.002},
    issn = {0950-5849},
    keywords = {Controlled experiment, Empirical software engineering, Iterative test-last development, Test-driven development}
}

@incollection{Turhan2010HowDevelopment,
    title = {{How effective is test-Driven Development}},
    year = {2010},
    booktitle = {Making Software: What Really Works, and Why We Believe It},
    author = {Turhan, Burak and Layman, Lucas and Diep, Madeline and Erdogmus, Hakan and Shull, Forrest},
    chapter = {12},
    pages = {207--217},
    publisher = {OReilly Press}
}

@article{Jeffries2007TheProgramming,
    title = {{The Art of Fearless Programming}},
    year = {2007},
    journal = {IEEE Software},
    author = {Jeffries, Ron and Melnik, Grigori},
    number = {3},
    pages = {24--30},
    volume = {24},
    doi = {10.1109/MS.2007.75},
    issn = {0740-7459},
    keywords = {Art, Automatic testing, Embedded software, Graphical user interfaces, Performance evaluation, Programming profession, Safety, Software testing, Spatial databases, TDD, Writing, program testing, software engineering, test-driven development}
}

@article{Latorre2014EffectsDevelopment,
    title = {{Effects of Developer Experience on Learning and Applying Unit Test-Driven Development}},
    year = {2014},
    journal = {IEEE Trans. Softw. Eng.},
    author = {Latorre, Roberto},
    number = {4},
    month = {4},
    pages = {381--395},
    volume = {40},
    publisher = {IEEE Press},
    url = {http://dx.doi.org/10.1109/TSE.2013.2295827},
    address = {Piscataway, NJ, USA},
    doi = {10.1109/TSE.2013.2295827},
    issn = {0098-5589}
}

@inproceedings{Causevic2011FactorsReview,
    title = {{Factors Limiting Industrial Adoption of Test Driven Development: A Systematic Review}},
    year = {2011},
    booktitle = {2011 Fourth IEEE International Conference on Software Testing, Verification and Validation},
    author = {Causevic, Adnan and Sundmark, Daniel and Punnekkat, Sasikumar},
    pages = {337--346},
    doi = {10.1109/ICST.2011.19},
    issn = {2159-4848},
    keywords = {Data mining, Databases, Limiting, Programming, Protocols, Systematics, Test driven developmen, Testing, agile software development, empirical studies, industrial adoption, legacy code, program testing, software maintenance, software prototyping, systematic review, test driven development, unit testing}
}

@inproceedings{Yahya2014TestReview,
    title = {{Test driven development contribution in universities in producing quality software: A systematic review}},
    year = {2014},
    booktitle = {The 5th International Conference on Information and Communication Technology for The Muslim World (ICT4M)},
    author = {Yahya, N and Bakar, N S Awang Abu},
    month = {11},
    pages = {1--6},
    doi = {10.1109/ICT4M.2014.7020666},
    keywords = {Decision support systems, TDD, Test driven development, agile techniques, computer aided instruction, computer science education, educational institutions, educational universities, experiment, human factors, novice programmer teaching, perception, product development, product testing, program testing, programmer perception, programming, quality, quality-software production, software quality, teaching, test driven development contribution, university}
}

@inproceedings{Trumler2016HowDebt,
    title = {{How "Specification by Example" and Test-Driven Development Help to Avoid Technial Debt}},
    year = {2016},
    booktitle = {2016 IEEE 8th International Workshop on Managing Technical Debt (MTD)},
    author = {Trumler, W and Paulisch, F},
    pages = {1--8},
    doi = {10.1109/MTD.2016.10},
    keywords = {Computer architecture, Medical services, Requirements engineering, Software, Stakeholders, Testing, Visualization, defect density, design patterns, formal methods, formal specification, health care, healthcare product, performance indicators, refactoring, specification by example, specification-by-example, technical debt, technical debt management and avoidance, test-driven development}
}

@inproceedings{Fucci2015OnContext,
    title = {{On the Effects of Programming and Testing Skills on External Quality and Productivity in a Test-driven Development Context}},
    year = {2015},
    booktitle = {Proceedings of the 19th International Conference on Evaluation and Assessment in Software Engineering},
    author = {Fucci, Davide and Turhan, Burak and Oivo, Markku},
    pages = {25:1--25:6},
    series = {EASE '15},
    publisher = {ACM},
    url = {http://doi.acm.org/10.1145/2745802.2745826},
    address = {New York, NY, USA},
    isbn = {978-1-4503-3350-4},
    doi = {10.1145/2745802.2745826},
    keywords = {developers' productivity, developers' skills, external quality, unit testing}
}

@inproceedings{Swamidurai2014InvestigatingDevelopment,
    title = {{Investigating the impact of peer code review and pair programming on test-driven development}},
    year = {2014},
    booktitle = {IEEE SOUTHEASTCON 2014},
    author = {Swamidurai, R and Dennis, B and Kannan, U},
    pages = {1--5},
    doi = {10.1109/SECON.2014.6950664},
    issn = {1091-0050},
    keywords = {Context, Extreme programming, PP, Pair programming, Software, Software measurement, TDD, agile development, agile programming technique, code review, collaborative programming, empirical software engineering, formal inspections, pair programming, peer code review, peer review, program testing, software defects, software fault tolerance, software prototyping, software quality, software reviews, test driven development, test-driven development}
}

@inproceedings{Scanniello2016StudentsStudy,
    title = {{Students' and Professionals' Perceptions of Test-driven Development: A Focus Group Study}},
    year = {2016},
    booktitle = {Proceedings of the 31st Annual ACM Symposium on Applied Computing},
    author = {Scanniello, Giuseppe and Romano, Simone and Fucci, Davide and Turhan, Burak and Juristo, Natalia},
    pages = {1422--1427},
    series = {SAC '16},
    publisher = {ACM},
    url = {http://doi.acm.org/10.1145/2851613.2851778},
    address = {New York, NY, USA},
    isbn = {978-1-4503-3739-7},
    doi = {10.1145/2851613.2851778},
    keywords = {focus group, qualitative study, test driven development}
}

@inproceedings{Sfetsos2010EmpiricalReview,
    title = {{Empirical Studies on Quality in Agile Practices: A Systematic Literature Review}},
    year = {2010},
    booktitle = {Proceedings of the 2010 Seventh International Conference on the Quality of Information and Communications Technology},
    author = {Sfetsos, Panagiotis and Stamelos, Ioannis},
    pages = {44--53},
    series = {QUATIC '10},
    publisher = {IEEE Computer Society},
    url = {http://dx.doi.org/10.1109/QUATIC.2010.17},
    address = {Washington, DC, USA},
    isbn = {978-0-7695-4241-6},
    doi = {10.1109/QUATIC.2010.17},
    keywords = {ISO/IEC 12207, ISO/IEC 9126, agile methods, agile practices, empirical studies, pair programming, quality, systematic literature review, test-driven development, test-first development}
}

@article{ZarbBreakingProgramming,
    title = {{Breaking the Communication Barrier: Guidelines to Aid Communication within Pair Programming}},
    author = {Zarb, Mark and Hughes, Janet},
    keywords = {communication, evaluation, guidelines, pair programming}
}

@inproceedings{Yenduri2006ImpactStudy.,
    title = {{Impact of Using Test-Driven Development: A Case Study.}},
    year = {2006},
    booktitle = {Software Engineering Research and Practice},
    author = {Yenduri, Sumanth and Perkins, A Louise},
    pages = {126--129}
}

@incollection{Zhang2006ComparisonProject,
    title = {{Comparison Between Test Driven Development and Waterfall Development in a Small-Scale Project}},
    year = {2006},
    booktitle = {Extreme Programming and Agile Processes in Software Engineering: 7th International Conference, XP 2006, Oulu, Finland, June 17-22, 2006. Proceedings},
    author = {Zhang, Lei and Akifuji, Shunsuke and Kawai, Katsumi and Morioka, Tsuyoshi},
    editor = {Abrahamsson, Pekka and Marchesi, Michele and Succi, Giancarlo},
    pages = {211--212},
    publisher = {Springer Berlin Heidelberg},
    url = {http://dx.doi.org/10.1007/11774129_29},
    address = {Berlin, Heidelberg},
    isbn = {978-3-540-35095-8},
    doi = {10.1007/11774129{\_}29}
}

@article{Damm2006ResultsDevelopment,
    title = {{Results from introducing component-level test automation and Test-Driven Development}},
    year = {2006},
    journal = {Journal of Systems and Software},
    author = {Damm, Lars-Ola and Lundberg, Lars},
    number = {7},
    pages = {1001--1014},
    volume = {79},
    url = {http://www.sciencedirect.com/science/article/pii/S0164121205001573},
    doi = {https://doi.org/10.1016/j.jss.2005.10.015},
    issn = {0164-1212},
    keywords = {Component testing, Fault metrics, Software process improvement, Test-Driven Development}
}

@incollection{Abrahamsson2005ImprovingDevelopment,
    title = {{Improving Business Agility Through Technical Solutions: A Case Study on Test-Driven Development in Mobile Software Development}},
    year = {2005},
    booktitle = {Business Agility and Information Technology Diffusion: IFIP TC8 WG 8.6 International Working Conference May 8--11, 2005, Atlanta, Georgia, U.S.A.},
    author = {Abrahamsson, Pekka and Hanhineva, Antti and J{\"{a}}{\"{a}}linoja, Juho},
    editor = {Baskerville, Richard L and Mathiassen, Lars and Pries-Heje, Jan and DeGross, Janice I},
    pages = {227--243},
    publisher = {Springer US},
    url = {http://dx.doi.org/10.1007/0-387-25590-7_14},
    address = {Boston, MA},
    isbn = {978-0-387-25590-3},
    doi = {10.1007/0-387-25590-7{\_}14}
}

@inproceedings{Edwards2003UsingPerformance,
    title = {{Using test-driven development in the classroom: Providing students with automatic, concrete feedback on performance}},
    year = {2003},
    booktitle = {Proceedings of the International Conference on Education and Information Systems: Technologies and Applications (EISTA’03), International Institute of Informatics and Systemics, 2003},
    author = {Edwards, S. H.},
    pages = {421–426}
}

@inproceedings{Bhat2006EvaluatingStudies,
    title = {{Evaluating the Efficacy of Test-driven Development: Industrial Case Studies}},
    year = {2006},
    booktitle = {Proceedings of the 2006 ACM/IEEE International Symposium on Empirical Software Engineering},
    author = {Bhat, Thirumalesh and Nagappan, Nachiappan},
    pages = {356--363},
    series = {ISESE '06},
    publisher = {ACM},
    url = {http://doi.acm.org/10.1145/1159733.1159787},
    address = {New York, NY, USA},
    isbn = {1-59593-218-6},
    doi = {10.1145/1159733.1159787},
    keywords = {software quality, test-driven development}
}

@inproceedings{Canfora2006EvaluatingProfessionals,
    title = {{Evaluating Advantages of Test Driven Development: A Controlled Experiment with Professionals}},
    year = {2006},
    booktitle = {Proceedings of the 2006 ACM/IEEE International Symposium on Empirical Software Engineering},
    author = {Canfora, Gerardo and Cimitile, Aniello and Garcia, Felix and Piattini, Mario and Visaggio, Corrado Aaron},
    pages = {364--371},
    series = {ISESE '06},
    publisher = {ACM},
    url = {http://doi.acm.org/10.1145/1159733.1159788},
    address = {New York, NY, USA},
    isbn = {1-59593-218-6},
    doi = {10.1145/1159733.1159788},
    keywords = {empirical software engineering, process quality, test driven development}
}

@article{Huang2009EmpiricalProgramming,
    title = {{Empirical investigation towards the effectiveness of Test First programming}},
    year = {2009},
    journal = {Information and Software Technology},
    author = {Huang, Liang and Holcombe, Mike},
    number = {1},
    pages = {182--194},
    volume = {51},
    url = {http://www.sciencedirect.com/science/article/pii/S0950584908000517},
    doi = {https://doi.org/10.1016/j.infsof.2008.03.007},
    issn = {0950-5849},
    keywords = {Agile methods, Empirical software engineering, Programming paradigms, Software engineering process, Software testing, Testing strategies}
}

@article{Ynchausti2001IntegratingProcess,
    title = {{Integrating unit testing into a software development team’s process}},
    year = {2001},
    journal = {Intl. Conf. eXtreme Programming and Flexible Processes in Software Engineering (XP 2001)},
    author = {Ynchausti, Randy A},
    pages = {79--83},
    volume = {1}
}

@inproceedings{Williams2003Test-drivenPractice,
    title = {{Test-driven development as a defect-reduction practice}},
    year = {2003},
    booktitle = {14th International Symposium on Software Reliability Engineering, 2003. ISSRE 2003.},
    author = {Williams, L and Maximilien, E M and Vouk, M},
    month = {11},
    pages = {34--45},
    doi = {10.1109/ISSRE.2003.1251029},
    issn = {1071-9458},
    keywords = {Automatic testing, Computer science, IBM, NASA, Production, Productivity, Programming, Radio access networks, Software testing, UML design, Unified Modeling Language, Unified modeling language, Writing, automated test cases, defect-reduction practice, extreme programming software development, formal verification, functional verification, production code, program testing, regression analysis, regression test, software development practice, test-driven development}
}

@inproceedings{Rahman2007ApplyingCourses,
    title = {{Applying the tbc method in introductory programming courses}},
    year = {2007},
    booktitle = {Frontiers In Education Conference-Global Engineering: Knowledge Without Borders, Opportunities Without Passports, 2007. FIE'07. 37th Annual},
    author = {Rahman, Syed M},
    pages = {T1E--20},
    organization = {IEEE}
}

@incollection{Madeyski2007TheStudy,
    title = {{The Impact of Test-Driven Development on Software Development Productivity — An Empirical Study}},
    year = {2007},
    booktitle = {Software Process Improvement: 14th European Conference, EuroSPI 2007, Potsdam, Germany, September 26-28, 2007. Proceedings},
    author = {Madeyski, Lech and Szala, Lukasz},
    editor = {Abrahamsson, Pekka and Baddoo, Nathan and Margaria, Tiziana and Messnarz, Richard},
    pages = {200--211},
    volume = {4764},
    publisher = {Springer Berlin Heidelberg},
    url = {http://dx.doi.org/10.1007/978-3-540-75381-0_18},
    address = {Berlin, Heidelberg},
    isbn = {978-3-540-75381-0},
    doi = {10.1007/978-3-540-75381-0{\_}18},
    issn = {0302-9743}
}

@incollection{Flohr2005AnProblems,
    title = {{An XP Experiment with Students -- Setup and Problems}},
    year = {2005},
    booktitle = {Product Focused Software Process Improvement: 6th International Conference, PROFES 2005, Oulu, Finland, June 13-15, 2005. Proceedings},
    author = {Flohr, Thomas and Schneider, Thorsten},
    editor = {Bomarius, Frank and Komi-Sirvi{\"{o}}, Seija},
    pages = {474--486},
    publisher = {Springer Berlin Heidelberg},
    url = {http://dx.doi.org/10.1007/11497455_37},
    address = {Berlin, Heidelberg},
    isbn = {978-3-540-31640-4},
    doi = {10.1007/11497455{\_}37}
}

@article{Bannerman2011AQuality,
    title = {{A multiple comparative study of test-with development product changes and their effects on team speed and product quality}},
    year = {2011},
    journal = {Empirical Software Engineering},
    author = {Bannerman, Steve and Martin, Andrew},
    number = {2},
    pages = {177--210},
    volume = {16},
    url = {http://dx.doi.org/10.1007/s10664-010-9137-5},
    doi = {10.1007/s10664-010-9137-5},
    issn = {1573-7616}
}

@inproceedings{Slyngstad2008TheStudy,
    title = {{The Impact of Test Driven Development on the Evolution of a Reusable Framework of Components - An Industrial Case Study}},
    year = {2008},
    booktitle = {2008 The Third International Conference on Software Engineering Advances},
    author = {Slyngstad, O P N and Li, J and Conradi, R and R{\o}nneberg, H and Landre, E and Wesenberg, H},
    pages = {214--223},
    doi = {10.1109/ICSEA.2008.8},
    keywords = {Application software, Computer industry, Feedback, Information science, Productivity, Programming, Quality assurance, Software design, Software engineering, Software testing, fast feedback, improved quality assurance, industrial case study, low-level software design, lower defect density, nonreusable software development, program testing, reduced mean defect density, reusable framework, software engineering technique, software reusability, task-oriented development, test driven development}
}

@inproceedings{Kaufmann2003ImplicationsStudy,
    title = {{Implications of Test-driven Development: A Pilot Study}},
    year = {2003},
    booktitle = {Companion of the 18th Annual ACM SIGPLAN Conference on Object-oriented Programming, Systems, Languages, and Applications},
    author = {Kaufmann, Reid and Janzen, David},
    pages = {298--299},
    series = {OOPSLA '03},
    publisher = {ACM},
    url = {http://doi.acm.org/10.1145/949344.949421},
    address = {New York, NY, USA},
    isbn = {1-58113-751-6},
    doi = {10.1145/949344.949421},
    keywords = {agile development, software quality, test-driven development}
}

@article{Muller2002ExperimentProgramming,
    title = {{Experiment about test-first programming}},
    year = {2002},
    journal = {IEE Proceedings - Software},
    author = {M{\"{u}}ller, Matthias and Hagner, O},
    number = {5},
    pages = {131--136},
    volume = {149},
    doi = {10.1049/ip-sen:20020540},
    issn = {1462-5970},
    keywords = {extreme program, program testing, programming theory}
}

@inproceedings{Melnik2005AMethods,
    title = {{A cross-program investigation of students' perceptions of agile methods}},
    year = {2005},
    booktitle = {Proceedings. 27th International Conference on Software Engineering, 2005. ICSE 2005.},
    author = {Melnik, G and Maurer, F},
    pages = {481--488},
    doi = {10.1109/ICSE.2005.1553593},
    issn = {0270-5257},
    keywords = {Computer science, Design methodology, Employment, Engineering management, Information analysis, Permission, Productivity, Programming profession, Software engineering, Testing, agile methods, computer science education, extreme programming, software engineering, software engineering education, student perceptions}
}

@inproceedings{Maximilien2003AssessingIBM,
    title = {{Assessing test-driven development at IBM}},
    year = {2003},
    booktitle = {25th International Conference on Software Engineering, 2003. Proceedings.},
    author = {Maximilien, E M and Williams, L},
    pages = {564--569},
    doi = {10.1109/ICSE.2003.1201238},
    issn = {0270-5257},
    keywords = {Automatic testing, Contracts, IBM retail store solution, Life testing, Productivity, Programming, Software standards, Software systems, Software testing, Standards development, System testing, ad-hoc unit testing, automated unit testing, formal specification, formal verification, program testing, project management, software development group, software development management, software quality, software system quality, test-driven development}
}

@inproceedings{Geras2004ADevelopment,
    title = {{A prototype empirical evaluation of test driven development}},
    year = {2004},
    booktitle = {10th International Symposium on Software Metrics, 2004. Proceedings.},
    author = {Geras, A and Smith, M and Miller, J},
    month = {9},
    pages = {405--416},
    doi = {10.1109/METRIC.2004.1357925},
    issn = {1530-1435},
    keywords = {program testing, program verification, software deve}
}

@inproceedings{Janzen2008Test-drivenCourses,
    title = {{Test-driven Learning in Early Programming Courses}},
    year = {2008},
    booktitle = {Proceedings of the 39th SIGCSE Technical Symposium on Computer Science Education},
    author = {Janzen, David and Saiedian, Hossein},
    pages = {532--536},
    series = {SIGCSE '08},
    publisher = {ACM},
    url = {http://doi.acm.org/10.1145/1352135.1352315},
    address = {New York, NY, USA},
    isbn = {978-1-59593-799-5},
    doi = {10.1145/1352135.1352315},
    keywords = {cs1, pedagogy, test-driven development, test-driven learning}
}

@inproceedings{Pancur2003TowardsEnvironment,
    title = {{Towards empirical evaluation of test-driven development in a university environment}},
    year = {2003},
    booktitle = {The IEEE Region 8 EUROCON 2003. Computer as a Tool.},
    author = {Pancur, M and Ciglaric, M and Trampus, M and Vidmar, T},
    month = {9},
    pages = {83--86},
    volume = {2},
    doi = {10.1109/EURCON.2003.1248153},
    keywords = {object-oriented programming, program testing, softwa}
}

@inproceedings{Gupta2007AnDevelopment,
    title = {{An Experimental Evaluation of the Effectiveness and Efficiency of the Test Driven Development}},
    year = {2007},
    booktitle = {First International Symposium on Empirical Software Engineering and Measurement (ESEM 2007)},
    author = {Gupta, Atul and Jalote, Pankaj},
    month = {9},
    pages = {285--294},
    doi = {10.1109/ESEM.2007.41},
    issn = {1949-3770},
    keywords = {development-s, program testing, software engineering}
}

@inproceedings{Desai2009ImplicationsCurricula,
    title = {{Implications of Integrating Test-driven Development into CS1/CS2 Curricula}},
    year = {2009},
    booktitle = {Proceedings of the 40th ACM Technical Symposium on Computer Science Education},
    author = {Desai, Chetan and Janzen, David S and Clements, John},
    pages = {148--152},
    series = {SIGCSE '09},
    publisher = {ACM},
    url = {http://doi.acm.org/10.1145/1508865.1508921},
    address = {New York, NY, USA},
    isbn = {978-1-60558-183-5},
    doi = {10.1145/1508865.1508921},
    keywords = {cs1, cs2, test-driven development, test-driven learning}
}

@inproceedings{Kollanus2008Test-drivenViewpoints,
    title = {{Test-driven Development in Education: Experiences with Critical Viewpoints}},
    year = {2008},
    booktitle = {Proceedings of the 13th Annual Conference on Innovation and Technology in Computer Science Education},
    author = {Kollanus, Sami and Isom{\"{o}}tt{\"{o}}nen, Ville},
    pages = {124--127},
    series = {ITiCSE '08},
    publisher = {ACM},
    url = {http://doi.acm.org/10.1145/1384271.1384306},
    address = {New York, NY, USA},
    isbn = {978-1-60558-078-4},
    doi = {10.1145/1384271.1384306},
    keywords = {TDD, education}
}

@article{Crispin2006DrivingQuality,
    title = {{Driving Software Quality: How Test-Driven Development Impacts Software Quality}},
    year = {2006},
    journal = {IEEE Software},
    author = {Crispin, L},
    number = {6},
    month = {11},
    pages = {70--71},
    volume = {23},
    doi = {10.1109/MS.2006.157},
    issn = {0740-7459},
    keywords = {Automatic testing, Companies, Computer bugs, Flowcharts, Performance evaluation, Production, Programming profession, Software quality, Software testing, TDD techniques, Test-driven development, Writing, program testing, software quality, test-driven design, test-driven development, test-first development}
}

@incollection{Flohr2006LessonsTeachings,
    title = {{Lessons Learned from an XP Experiment with Students: Test-First Needs More Teachings}},
    year = {2006},
    booktitle = {Product-Focused Software Process Improvement: 7th International Conference, PROFES 2006, Amsterdam, The Netherlands, June 12-14, 2006. Proceedings},
    author = {Flohr, Thomas and Schneider, Thorsten},
    editor = {M{\"{u}}nch, Jürgen and Vierimaa, Matias},
    pages = {305--318},
    publisher = {Springer Berlin Heidelberg},
    url = {http://link.springer.com/10.1007/11767718_26},
    address = {Berlin, Heidelberg},
    isbn = {978-3-540-34683-8},
    doi = {10.1007/11767718{\_}26}
}

@article{Turnu2006ModelingPractice,
    title = {{Modeling and simulation of open source development using an agile practice}},
    year = {2006},
    journal = {Journal of Systems Architecture},
    author = {Turnu, Ivana and Melis, Marco and Cau, Alessandra and Setzu, Alessio and Concas, Giulio and Mannaro, Katiuscia},
    number = {11},
    pages = {610--618},
    volume = {52},
    url = {http://www.sciencedirect.com/science/article/pii/S1383762106000634},
    doi = {https://doi.org/10.1016/j.sysarc.2006.06.005},
    issn = {1383-7621},
    keywords = {Extreme programming, Open source, Software process simulation, Test driven development}
}

@inproceedings{Aniche2012HowFeedback,
    title = {{How the Practice of TDD Influences Class Design in Object-Oriented Systems: Patterns of Unit Tests Feedback}},
    year = {2012},
    booktitle = {2012 26th Brazilian Symposium on Software Engineering},
    author = {Aniche, M F and Gerosa, M A},
    month = {9},
    pages = {1--10},
    doi = {10.1109/SBES.2012.14},
    keywords = {Bills of materials, Interviews, Java, Programming, Software, Software engineering, Software testing, TDD, class design, object oriented systems, object-oriented programming, object-oriented systems, program testing, qualitative exploratory study, software testing practice, test-driven development, unit test feedback pattern}
}

@inproceedings{Edwards2004UsingReflection-in-action,
    title = {{Using Software Testing to Move Students from Trial-and-error to Reflection-in-action}},
    year = {2004},
    booktitle = {Proceedings of the 35th SIGCSE Technical Symposium on Computer Science Education},
    author = {Edwards, Stephen H},
    pages = {26--30},
    series = {SIGCSE '04},
    publisher = {ACM},
    url = {http://doi.acm.org/10.1145/971300.971312},
    address = {New York, NY, USA},
    isbn = {1-58113-798-2},
    doi = {10.1145/971300.971312},
    keywords = {CS1, automated grading, extreme programming, pedagogy, test-driven development}
}

@inproceedings{Janzen2007EmpiricalCourses,
    title = {{Empirical Software Engineering in Industry Short Courses}},
    year = {2007},
    booktitle = {20th Conference on Software Engineering Education Training (CSEET'07)},
    author = {Janzen, D S and Turner, C S and Saiedian, H},
    pages = {89--96},
    doi = {10.1109/CSEET.2007.20},
    issn = {1093-0175},
    keywords = {Computer industry, Computer science, Feedback, Industrial training, Iterative methods, Laboratories, Programming profession, Software engineering, Software quality, Software testing, computer science education, crafting, educational aids, educational courses, empirical evidence, empirical software engineering, industry short courses, internal software quality, pedagogical value, software engineering, test-driven development}
}

@inproceedings{Langr2001EvolutionDesign,
    title = {{Evolution of test and code via test-first design}},
    year = {2001},
    booktitle = {Conference on Object Oriented Programming Systems Languages and Applications (OOPSLA), Tampa Bay, FL},
    author = {Langr, Jeff}
}

@incollection{Lui2004TestChina,
    title = {{Test Driven Development and Software Process Improvement in China}},
    year = {2004},
    booktitle = {Extreme Programming and Agile Processes in Software Engineering: 5th International Conference, XP 2004, Garmisch-Partenkirchen, Germany, June 6-10, 2004. Proceedings},
    author = {Lui, Kim Man and Chan, Keith C C},
    editor = {Eckstein, Jutta and Baumeister, Hubert},
    pages = {219--222},
    publisher = {Springer Berlin Heidelberg},
    url = {http://dx.doi.org/10.1007/978-3-540-24853-8_27},
    address = {Berlin, Heidelberg},
    isbn = {978-3-540-24853-8},
    doi = {10.1007/978-3-540-24853-8{\_}27}
}

@inproceedings{Kollanus2008UnderstandingExperiments,
    title = {{Understanding TDD in Academic Environment: Experiences from Two Experiments}},
    year = {2008},
    booktitle = {Proceedings of the 8th International Conference on Computing Education Research},
    author = {Kollanus, Sami and Isom{\"{o}}tt{\"{o}}nen, Ville},
    pages = {25--31},
    series = {Koli '08},
    publisher = {ACM},
    url = {http://doi.acm.org/10.1145/1595356.1595362},
    address = {New York, NY, USA},
    isbn = {978-1-60558-385-3},
    doi = {10.1145/1595356.1595362},
    keywords = {TDD, education}
}

@phdthesis{Janzen2006AnQuality,
    title = {{An empirical evaluation of the impact of test-driven development on software quality}},
    year = {2006},
    author = {Janzen, David S},
    url = {http://works.bepress.com/djanzen/4/},
    school = {University of Kansas}
}

@phdthesis{Geras2004TheDevelopment,
    title = {{The effectiveness of test driven development}},
    year = {2004},
    author = {Geras, Adam Martin},
    school = {University of Calgary}
}

@phdthesis{Hanhineva2004Test-drivenEnvironment,
    title = {{Test-driven development in mobile java environment}},
    year = {2004},
    booktitle = {University of Oulu, The Department of Information Processing Science, Oulu, Finland},
    author = {Hanhineva, A},
    school = {University of Oulu}
}

@techreport{Siniaalto2006TheQuality,
    title = {{The Impact of Test-Driven Devleopment on Design Quality}},
    year = {2006},
    author = {Siniaalto, Maria},
    institution = {Information Technology for European Advancement D.5.2.10 v1.0}
}

@incollection{Madeyski2006TheExperiment,
    title = {{The Impact of Pair Programming and Test-Driven Development on Package Dependencies in Object-Oriented Design --- An Experiment}},
    year = {2006},
    booktitle = {Product-Focused Software Process Improvement: 7th International Conference, PROFES 2006, Amsterdam, The Netherlands, June 12-14, 2006. Proceedings},
    author = {Madeyski, Lech},
    editor = {M{\"{u}}nch, Jürgen and Vierimaa, Matias},
    pages = {278--289},
    publisher = {Springer Berlin Heidelberg},
    url = {http://dx.doi.org/10.1007/11767718_24},
    address = {Berlin, Heidelberg},
    isbn = {978-3-540-34683-8},
    doi = {10.1007/11767718{\_}24}
}

@phdthesis{George2002AnalysisApproach,
    title = {{Analysis and quantification of test driven development approach}},
    year = {2002},
    author = {George, Boby},
    school = {North Carolina State University}
}

@inproceedings{Steinberg2001TheCourse,
    title = {{The effect of unit tests on entry points, coupling and cohesion in an introductory java programming course}},
    year = {2001},
    booktitle = {XP Universe},
    author = {Steinberg, Daniel H},
    volume = {8}
}

@incollection{Damm2007QualityDevelopment,
    title = {{Quality Impact of Introducing Component-Level Test Automation and Test-Driven Development}},
    year = {2007},
    booktitle = {Software Process Improvement: 14th European Conference, EuroSPI 2007, Potsdam, Germany, September 26-28, 2007. Proceedings},
    author = {Damm, Lars-Ola and Lundberg, Lars},
    editor = {Abrahamsson, Pekka and Baddoo, Nathan and Margaria, Tiziana and Messnarz, Richard},
    pages = {187--199},
    publisher = {Springer Berlin Heidelberg},
    url = {http://dx.doi.org/10.1007/978-3-540-75381-0_17},
    address = {Berlin, Heidelberg},
    isbn = {978-3-540-75381-0},
    doi = {10.1007/978-3-540-75381-0{\_}17}
}

@article{JariVanhanenHarriKorpi2007ExperiencesProgramming,
    title = {{Experiences of Using Pair Programming}},
    year = {2007},
    journal = {System Sciences, 2007. HICSS 2007. 40th Annual Hawaii International },
    author = {{Jari Vanhanen; Harri Korpi}},
    pages = {274b - 274b},
    doi = {10.1109/HICSS.2007.218}
}

@incollection{Williams2010PairProgramming,
    title = {{Pair Programming}},
    year = {2010},
    booktitle = {Making Software: What Really Works, and Why We Believe It},
    author = {Williams, Laurie},
    chapter = {17},
    edition = {1st},
    publisher = {O'Reilly Media, Inc.},
    isbn = {0596808321, 9780596808327},
    keywords = {collaborative programming, software inspection, –pair programming}
}

@article{Desai2008AAcademia,
    title = {{A Survey of Evidence for Test-driven Development in Academia}},
    year = {2008},
    journal = {SIGCSE Bull.},
    author = {Desai, Chetan and Janzen, David and Savage, Kyle},
    number = {2},
    pages = {97--101},
    volume = {40},
    publisher = {ACM},
    url = {http://doi.acm.org/10.1145/1383602.1383644},
    address = {New York, NY, USA},
    doi = {10.1145/1383602.1383644},
    issn = {0097-8418},
    keywords = {empirical survey, pedagogy, test-driven development}
}

@inproceedings{Muller2001CaseEnvironment,
    title = {{Case Study: Extreme Programming in a University Environment}},
    year = {2001},
    booktitle = {Proceedings of the 23rd International Conference on Software Engineering (ICSE)},
    author = {M{\"{u}}ller, Matthias and Tichy, Walter},
    pages = {537--544},
    url = {https://ps.ipd.kit.edu/downloads/ka_2001_extreme_programming_university_environment.pdf}
}

@article{Zieris2016ObservationsProgramming,
    title = {{Observations on Knowledge Transfer of Professional Software Developers during Pair Programming}},
    year = {2016},
    journal = {Proceedings of the 38th International Conference on Software Engineering Companion - ICSE '16},
    author = {Zieris, Franz and Prechelt, Lutz},
    pages = {242--250},
    isbn = {9781450342056},
    doi = {10.1145/2889160.2889249},
    keywords = {grounded theory, knowledge transfer, pair programming}
}

@article{Williams2000StrengtheningPair-Programming,
    title = {{Strengthening the Case for Pair-Programming}},
    year = {2000},
    journal = {IEEE Software},
    author = {Williams, Laurie and Kessler, Robert and Cunningham, Ward and Jeffries, Ron},
    number = {4},
    pages = {19--25},
    volume = {17},
    doi = {10.1109/52.854064},
    keywords = {Applied Research Results, collaborative programming, pair-programming, productivity, quality Genre}
}

@article{Alshehri2014RankingProgramming,
    title = {{Ranking and Rules for Selecting Two Persons in Pair Programming}},
    year = {2014},
    journal = {JOURNAL OF SOFTWARE, NO. 9},
    author = {Alshehri, Sultan and Benedicenti, Luigi},
    number = {9},
    pages = {2467 - 2473},
    volume = {9},
    doi = {10.4304/jsw.9.9.2467-2473},
    keywords = {Analytic Hierarchy Process, Index Terms— Extreme Programming, Pair programming}
}

@article{Chong2007TheProgramming,
    title = {{The Social Dynamics of Pair Programming}},
    year = {2007},
    journal = {IEEE Computer Society Washington, DC, USA},
    author = {Chong, Jan and Hurlbutt, Tom},
    pages = {354--363},
    doi = {10.1109/ICSE.2007.87}
}

@article{Williams2000AllKindergarten,
    title = {{All I Really Need to Know about Pair Programming I Learned In Kindergarten}},
    year = {2000},
    journal = {Communications of the ACM},
    author = {Williams, Laurie and Kessler, Robert},
    pages = {108--114},
    volume = {43}
}

@inproceedings{Baytiyeh2011ChallengesCareer,
    title = {{Challenges Facing Graduating Engineers in their Transition from College to Career}},
    year = {2011},
    booktitle = {2011 ASEE Annual Conference {\textbackslash}{\&} Exposition},
    author = {Baytiyeh, Hoda and Naja, Mohamad},
    pages = {22.317.1 - 22.317.10},
    publisher = {ASEE Conferences},
    url = {https://peer.asee.org/17598}
}

@article{Application_of_tightly_Coupled,
    title = {{Application{\_}of{\_}tightly{\_}Coupled}}
}

@article{CriticalProgramming,
    title = {{Critical Personality Traits in Successful Pair Programming}}
}

@article{EvaluatingSetting,
    title = {{Evaluating the Usefulness of Pair in classroon setting}}
}

@article{EvaluatingPair,
    title = {{Evaluating the Usefulness of Pair}}
}

@article{WilliamsTowardProgramming,
    title = {{Toward a Framework for Evaluating Extreme Programming}},
    author = {Williams, Laurie and Krebs, William and Layman, Lucas and Ant{\'{o}}n, Annie I and Abrahamsson, Pekka}
}

@article{Nagappan2003ImprovingProgramming,
    title = {{Improving the CS1 experience with pair programming}},
    year = {2003},
    journal = {ACM SIGCSE Bulletin},
    author = {Nagappan, Nachiappan and Williams, Laurie and Ferzli, Miriam and Wiebe, Eric and Yang, Kai and Miller, Carol and Balik, Suzanne},
    isbn = {158113648X},
    doi = {10.1145/792548.612006},
    issn = {00978418}
}

@inproceedings{Layman2006ChangingDevelopment,
    title = {{Changing students' perceptions: An analysis of the supplementary benefits of collaborative software development}},
    year = {2006},
    booktitle = {Software Engineering Education Conference, Proceedings},
    author = {Layman, Lucas},
    isbn = {0769525571},
    doi = {10.1109/CSEET.2006.10}
}

@inproceedings{Layman2005HowCourse,
    title = {{How and Why Collaborative Software Development Impacts the Software Engineering Course}},
    year = {2005},
    booktitle = {Proceedings Frontiers in Education 35th Annual Conference},
    author = {Layman, Lucas and Williams, Laurie and Osborne, Jason and Berenson, Sarah and Slaten, Kelli and Vouk, Mladen},
    isbn = {0-7803-9077-6},
    doi = {10.1109/FIE.2005.1611964}
}

@article{Coman2008InvestigatingTeam,
    title = {{Investigating the Usefulness of Pair-Programming in a Mature Agile Team}},
    year = {2008},
    author = {Coman, Irina Diana and Sillitti, Alberto and Succi, Giancarlo},
    pages = {127--136},
    volume = {9},
    keywords = {Agile Methods, PP, Pair-programming, XP}
}

@article{Higgins2008Cochrane,
    title = {{Cochrane Handbook for Systematic Reviews of Interventions Cochrane Book Series THE COCHRANE COLLABORATION {\textregistered}}},
    year = {2008},
    journal = {John Wiley {\&} Sons Ltd, The Atrium, Southern Gate, Chichester, West Sussex PO19 8SQ, England},
    author = {Higgins, Julian and Green, Sally}
}

@article{Kitchenham2007GuidelinesEngineering,
    title = {{Guidelines for performing Systematic Literature Reviews in Software Engineering}},
    year = {2007},
    journal = {EBSE},
    author = {Kitchenham, Barbara and Charters, Stuart}
}

@article{2010EmpiricalReview,
    title = {{Empirical Studies on Quality in Agile Practices{\_} A Systematic Literature Review}},
    year = {2010},
    journal = {Seventh International Conference on the Quality of Information and Communications Technology}
}

@inproceedings{Fronza2009AnTeam,
    title = {{An interpretation of the results of the analysis of pair programming during novices integration in a team}},
    year = {2009},
    booktitle = {2009 3rd International Symposium on Empirical Software Engineering and Measurement, ESEM 2009},
    author = {Fronza, Ilenia and Sillitti, Alberto and Succi, Giancarlo},
    isbn = {9781424448418},
    doi = {10.1109/ESEM.2009.5315998},
    issn = {19386451}
}

@incollection{Sudbery2016HowDevelopers,
    title = {{How XP Can Improve the Experiences of Female Software Developers}},
    year = {2016},
    booktitle = {Agile Processes, in Software Engineering, and Extreme Programming: 17th International Conference, XP 2016, Edinburgh, UK, May 24-27, 2016, Proceedings},
    author = {Sudbery, Clare},
    editor = {Sharp, Helen and Hall, Tracy},
    pages = {261--269},
    publisher = {Springer International Publishing},
    url = {http://dx.doi.org/10.1007/978-3-319-33515-5_24},
    address = {Cham},
    isbn = {978-3-319-33515-5},
    doi = {10.1007/978-3-319-33515-5{\_}24}
}

@article{Nawrocki2001ExperimentalProgramming,
    title = {{Experimental Evaluation of Pair Programming}},
    year = {2001},
    journal = {European Software Control and Metrics},
    author = {Nawrocki, Jerzy and Wojciechowski, Adam},
    pages = {99--101}
}

@book{Pugh2011Lean-agileCollaboration,
    title = {{Lean-agile acceptance test driven development : better software through collaboration}},
    year = {2011},
    author = {Pugh, Kenneth},
    publisher = {Addison-Wesley},
    address = {Upper Saddle River, NJ},
    isbn = {978-0321714084}
}

@article{Nosek1998TheProgramming,
    title = {{The Case for Collaborative Programming}},
    year = {1998},
    journal = {ACM},
    author = {Nosek, John},
    number = {3},
    pages = {105 - 108},
    volume = {41}
}

@article{Williams2001InPair-programming,
    title = {{In support of student pair-programming}},
    year = {2001},
    journal = {ACM SIGCSE Bulletin},
    author = {Williams, Laurie and Upchurch, Richard L.},
    isbn = {1581133294},
    doi = {10.1145/366413.364614},
    issn = {00978418}
}

@article{Bateson1987CognitiveProgrammers,
    title = {{Cognitive processing differences between novice and expert computer programmers}},
    year = {1987},
    journal = {Int. J. Man-Machine Studies},
    author = {Bateson, Allan and Alexander, Ralph and Murphy, Martin and Bateson, Allan},
    pages = {649--660},
    volume = {26}
}

@article{Arisholm2007EvaluatingExpertise,
    title = {{Evaluating pair programming with respect to system complexity and programmer expertise}},
    year = {2007},
    journal = {IEEE Transactions on Software Engineering},
    author = {Arisholm, Erik and Gallis, Hans and Dyb??, Tore and Sj??berg, Dag I K},
    isbn = {0098-5589 VO - 33},
    doi = {10.1109/TSE.2007.17},
    issn = {00985589},
    pmid = {4052584},
    keywords = {Control styles, Design principles, Empirical software engineering, Extreme programming, Object-oriented programming, Pair programming, Quasi-experiment, Software maintainability}
}

@article{Pair-ProgrammingEffect,
    title = {{Pair-Programming Effect}}
}

@article{Dorairaj2008ExperimentingProgramming,
    title = {{Experimenting with Industry's Pair-Programming Model in Teaching and Learning Programming}},
    year = {2008},
    journal = {Proceedings of the 4th International Conference on 17th – 19th November 2008 Information Technology },
    author = {Dorairaj, Siva Kumar and Singh, Jaspaljeet and Shanmugam, Mohana and Shamini, Saraswathy}
}

@article{Canfora2007EvaluatingIndustry,
    title = {{Evaluating performances of pair designing in industry}},
    year = {2007},
    journal = {Journal of Systems and Software},
    author = {Canfora, Gerardo and Cimitile, Aniello and Garcia, Felix and Piattini, Mario and Visaggio, Corrado Aaron},
    isbn = {0164-1212},
    doi = {10.1016/j.jss.2006.11.004},
    issn = {01641212},
    keywords = {Empirical studies, Pair designing, Software engineering}
}

@book{Beck2004ExtremeChange,
    title = {{Extreme Programming Explained: Embrace Change}},
    year = {2004},
    booktitle = {Rational Software},
    author = {Beck, Kent and Andres, Cynthia},
    edition = {2nd},
    pages = {190},
    publisher = {Addison-Wesley},
    isbn = {9780321278654}
}

@article{VanhanenJariKorpi2007ExperiencesProject,
    title = {{Experiences of Using Pair Programming in an Agile Project}},
    year = {2007},
    journal = {Institute of Electrical and Electronics Engineers (IEEE)},
    author = {Vanhanen,Jari Korpi, Harri},
    pages = {10}
}

@inproceedings{Belshee2005PromiscuousInexperience,
    title = {{Promiscuous pairing and Beginner's mind: Embrace inexperience}},
    year = {2005},
    booktitle = {Proceedings - AGILE Confernce 2005},
    author = {Belshee, Arlo},
    isbn = {0769524877},
    doi = {10.1109/ADC.2005.37},
    pmid = {231785715433977670}
}

@inproceedings{Williams2006ExaminingProgrammers,
    title = {{Examining the compatibility of student pair programmers}},
    year = {2006},
    booktitle = {AGILE 2006 (AGILE'06)},
    author = {Williams, Laurie and Layman, Lucas and Jason, Osborne and Katira, Neha and Osborne, Jason and Katira, Neha},
    pages = {411--420},
    isbn = {0769525628},
    doi = {10.1109/AGILE.2006.25},
    keywords = {Collaboration, Collaborative work, Computer science, Education, Ethics, Information technology, North Carolina State University, Peer to peer computing, Programming profession, Statistics, Testing, advanced undergraduate student pair programmers, computer science education, continuing education, educational courses, ethical aspects, freshmen student pair programmers, graduate student pair programmers, human factors, intuitor learning style, personality type, programming, programming self esteem, skill level, teaching, teaching staff, time management preference, university courses, work ethic}
}